<?xml version="1.0" encoding="UTF-8"?><collection xmlns="http://www.loc.gov/MARC21/slim"><record><leader>00451nam--2200169-i-4500</leader><controlfield tag="001">000022597</controlfield><controlfield tag="002">20161230</controlfield><controlfield tag="005">20161230201034</controlfield><controlfield tag="008">060222s1000------------r-----000-0-eng-d</controlfield><datafield ind1=" " ind2=" " tag="040"><subfield code="a">IFIN-HH</subfield></datafield><datafield ind1=" " ind2=" " tag="080"><subfield code="a">539.183</subfield></datafield><datafield ind1="1" ind2=" " tag="100"><subfield code="a">Hochstrasser, Robin M</subfield></datafield><datafield ind1="1" ind2="0" tag="245"><subfield code="a">Molecular aspects of symmetry</subfield><subfield code="c">Robin m. hochstrasser</subfield></datafield><datafield ind1=" " ind2=" " tag="260"><subfield code="a">New York</subfield><subfield code="b">W.A. Benjamin, Inc</subfield><subfield code="c">1966</subfield></datafield><datafield ind1=" " ind2=" " tag="300"><subfield code="a">XIII + 355P</subfield></datafield><datafield ind1=" " ind2=" " tag="852"><subfield code="a">25795</subfield><subfield code="c">539.19</subfield></datafield><datafield ind1=" " ind2=" " tag="CAT"><subfield code="a">Sys</subfield><subfield code="c">20120712</subfield><subfield code="h">140541</subfield></datafield></record></collection>